% Encoding: ISO-8859-1

@Article{Bai1996Efiect,
  author   = {Bai, Z. and Saranadasa, H.},
  title    = {Effect of high dimension: by an example of a two sample problem},
  journal  = {Statistica Sinica},
  year     = {1996},
  volume   = {6},
  number   = {2},
  pages    = {311-329},
  file     = {Bai1996Efiect.pdf:Bai1996Efiect.pdf:PDF},
  keywords = {rank5},
}

@Article{Chen2010A,
  author    = {Song Xi Chen and Ying-Li Qin},
  title     = {A two-sample test for high-dimensional data with applications to gene-set testing},
  journal   = {The Annals of Statistics},
  year      = {2010},
  volume    = {38},
  number    = {2},
  pages     = {808--835},
  month     = {apr},
  keywords  = {rank5},
  publisher = {Institute of Mathematical Statistics},
}

@Book{Fisher,
  title     = {The design of experiments},
  publisher = {Oliver and Boyd},
  year      = {1935},
  author    = {Fisher, R. A.},
  address   = {Edinburgh},
  journal   = {Oliver \& Boyd Edinburgh, Scotland},
  keywords  = {imported, rank5},
}

@Article{Romano1990On,
  author    = {Joseph P. Romano},
  title     = {On the Behavior of Randomization Tests without a Group Invariance Assumption},
  journal   = {Journal of the American Statistical Association},
  year      = {1990},
  volume    = {85},
  number    = {411},
  pages     = {686--692},
  month     = {sep},
  keywords  = {rank5},
  publisher = {Informa {UK} Limited},
}

@Article{Srivastava2009A,
  author    = {Muni S. Srivastava},
  title     = {A test for the mean vector with fewer observations than the dimension under non-normality},
  journal   = {Journal of Multivariate Analysis},
  year      = {2009},
  volume    = {100},
  number    = {3},
  pages     = {518--532},
  month     = {mar},
  keywords  = {rank5},
  publisher = {Elsevier {BV}},
}

@Article{Wang2015A,
  author    = {Lan Wang and Bo Peng and Runze Li},
  title     = {A High-Dimensional Nonparametric Multivariate Test for Mean Vector},
  journal   = {Journal of the American Statistical Association},
  year      = {2015},
  volume    = {110},
  number    = {512},
  pages     = {1658--1669},
  month     = {oct},
  keywords  = {rank5},
  publisher = {Informa {UK} Limited},
}

@Article{Jong1987A,
  author    = {Peter de Jong},
  title     = {A central limit theorem for generalized quadratic forms},
  journal   = {Probability Theory and Related Fields},
  year      = {1987},
  volume    = {75},
  number    = {2},
  pages     = {261--277},
  month     = {jun},
  keywords  = {rank5},
  publisher = {Springer Nature},
}

@Article{efron2007on,
  author    = {Bradley Efron and Robert Tibshirani},
  title     = {On testing the significance of sets of genes},
  journal   = {The Annals of Applied Statistics},
  year      = {2007},
  volume    = {1},
  number    = {1},
  pages     = {107--129},
  month     = {jun},
  keywords  = {rank5},
  publisher = {Institute of Mathematical Statistics},
}

@Article{Chung2013Exact,
  author    = {EunYi Chung and Joseph P. Romano},
  title     = {Exact and asymptotically robust permutation tests},
  journal   = {The Annals of Statistics},
  year      = {2013},
  volume    = {41},
  number    = {2},
  pages     = {484--507},
  month     = {apr},
  keywords  = {rank5},
  publisher = {Institute of Mathematical Statistics},
}

@Book{pollard1984convergence,
  title     = {Convergence of Stochastic Processes},
  publisher = {Springer New York},
  year      = {1984},
  author    = {David Pollard},
  address   = {New York},
  edition   = {1st},
  keywords  = {rank5},
}

@Book{Lehmann,
  title     = {Testing Statistical Hypotheses},
  publisher = {Springer New York},
  year      = {2005},
  author    = {E. L. Lehmann and Joseph P. Romano},
  edition   = {3rd},
  file      = {Lehmann.pdf:Lehmann.pdf:PDF},
  keywords  = {rank5},
}

@Article{fan2007to,
  author    = {Jianqing Fan and Peter Hall and Qiwei Yao},
  title     = {To How Many Simultaneous Hypothesis Tests Can Normal, Student's $t$ or Bootstrap Calibration Be Applied?},
  journal   = {Journal of the American Statistical Association},
  year      = {2007},
  volume    = {102},
  number    = {480},
  pages     = {1282--1288},
  month     = {dec},
  keywords  = {rank5},
  publisher = {Informa {UK} Limited},
}

@Book{andersonMultivariate,
  title     = {An Introduction to Multivariate Statistical Analysis},
  publisher = {Wiley},
  year      = {2003},
  author    = {Anderson, T. W.},
  address   = {New York},
  edition   = {3rd},
  groups    = {book},
  keywords  = {rank5},
  owner     = {kfeng123},
  timestamp = {2017.07.12},
}

@Article{Srivastava2008A,
  author    = {Muni S. Srivastava and Meng Du},
  title     = {A test for the mean vector with fewer observations than the dimension},
  journal   = {Journal of Multivariate Analysis},
  year      = {2008},
  volume    = {99},
  number    = {3},
  pages     = {386--402},
  month     = {mar},
  keywords  = {rank5},
  owner     = {kfeng123},
  publisher = {Elsevier {BV}},
  timestamp = {2017.07.12},
}

@Article{Zhu2000N,
  author    = {L.-X. Zhu},
  title     = {Nonparametric Monte Carlo tests for multivariate distributions},
  journal   = {Biometrika},
  year      = {2000},
  volume    = {87},
  number    = {4},
  pages     = {919--928},
  month     = {dec},
  keywords  = {rank5},
  publisher = {Oxford University Press ({OUP})},
}

@Article{Chung2016Multivariate,
  author    = {EunYi Chung and Joseph P. Romano},
  title     = {Multivariate and multiple permutation tests},
  journal   = {Journal of Econometrics},
  year      = {2016},
  volume    = {193},
  number    = {1},
  pages     = {76--91},
  month     = {jul},
  keywords  = {rank5},
  publisher = {Elsevier {BV}},
}

@Article{Pesarin2012,
  author    = {Fortunato Pesarin and Luigi Salmaso},
  title     = {A review and some new results on permutation testing for multivariate problems},
  journal   = {Statistics and Computing},
  year      = {2012},
  volume    = {22},
  number    = {2},
  pages     = {639--646},
  month     = {jun},
  keywords  = {rank5},
  publisher = {Springer Nature},
}

@Article{Muralidhar2003,
  author    = {Muralidhar, Krishnamurty and Sarathy, Rathindra},
  title     = {A theoretical basis for perturbation methods},
  journal   = {Statistics and Computing},
  year      = {2003},
  volume    = {13},
  number    = {4},
  pages     = {329--335},
  month     = {Oct},
  issn      = {1573-1375},
  day       = {01},
  file      = {Muralidhar2003.pdf:Muralidhar2003.pdf:PDF},
  groups    = {randomization test},
  keywords  = {rank5},
  owner     = {kfeng123},
  timestamp = {2017.07.16},
}

@Article{Zhao2016A,
  author        = {Zhao, Junguang and Xu, Xingzhong},
  title         = {A generalized likelihood ratio test for normal mean when p is greater than n},
  journal       = {Computational Statistics \& Data Analysis},
  year          = {2016},
  __markedentry = {[kfeng123:1]},
  file          = {Zhao2016A.pdf:Zhao2016A.pdf:PDF},
  groups        = {mean test},
  keywords      = {rank5},
  owner         = {kfeng123},
  timestamp     = {2017.07.17},
}

@Article{Srivastava2007Multivariate,
  author        = {M. S. Srivastava},
  title         = {Multivariate Theory for Analyzing High Dimensional Data},
  journal       = {{JOURNAL} {OF} {THE} {JAPAN} {STATISTICAL} {SOCIETY}},
  year          = {2007},
  volume        = {37},
  number        = {1},
  pages         = {53--86},
  __markedentry = {[kfeng123:5]},
  keywords      = {rank5},
  publisher     = {The Japan Statistical Society},
}

@Article{Subramanian2005,
  author    = {A. Subramanian and P. Tamayo and V. K. Mootha and S. Mukherjee and B. L. Ebert and M. A. Gillette and A. Paulovich and S. L. Pomeroy and T. R. Golub and E. S. Lander and J. P. Mesirov},
  title     = {Gene set enrichment analysis: A knowledge-based approach for interpreting genome-wide expression profiles},
  journal   = {Proceedings of the National Academy of Sciences},
  year      = {2005},
  volume    = {102},
  number    = {43},
  pages     = {15545--15550},
  month     = {sep},
  keywords  = {rank5},
  publisher = {Proceedings of the National Academy of Sciences},
}

@Article{Ko2016,
  author    = {Hyoseok Ko and Kipoong Kim and Hokeun Sun},
  title     = {Multiple Group Testing Procedures for Analysis of High-Dimensional Genomic Data},
  journal   = {Genomics {\&} Informatics},
  year      = {2016},
  volume    = {14},
  number    = {4},
  pages     = {187},
  keywords  = {rank5},
  publisher = {Korea Genome Organization ({KAMJE})},
}

@Article{Konietschke2014,
  author   = {Konietschke, Frank and Pauly, Markus},
  title    = {Bootstrapping and permuting paired t-test type statistics},
  journal  = {Statistics and Computing},
  year     = {2014},
  volume   = {24},
  number   = {3},
  pages    = {283--296},
  month    = {May},
  issn     = {1573-1375},
  day      = {01},
  keywords = {rank5},
}








@article{songxi2010,
author = {Song Xi Chen and Li-Xin Zhang and Ping-Shou Zhong},
title = {Tests for High-Dimensional Covariance Matrices},
journal = {Journal of the American Statistical Association},
volume = {105},
number = {490},
pages = {810-819},
year  = {2010},
publisher = {Taylor & Francis},
doi = {10.1198/jasa.2010.tm09560},

URL = { 
        https://doi.org/10.1198/jasa.2010.tm09560
    
},
eprint = { 
        https://doi.org/10.1198/jasa.2010.tm09560
    
}

}



@Comment{jabref-meta: databaseType:bibtex;}
